<record><leader>00000cas a22000007a 4500</leader><controlfield tag="001">12654142</controlfield><controlfield tag="008">851010d18431859lauwr ne      0    0eng d</controlfield><datafield ind1=" " ind2=" " tag="010"><subfield code="a">sn 85034327 </subfield></datafield><datafield ind1=" " ind2=" " tag="040"><subfield code="a">NPU</subfield><subfield code="b">eng</subfield><subfield code="c">NPU</subfield><subfield code="d">LNP</subfield><subfield code="d">OCL</subfield><subfield code="d">OCLCQ</subfield><subfield code="d">OCLCF</subfield><subfield code="d">OCLCO</subfield><subfield code="d">OCLCQ</subfield></datafield><datafield ind1="0" ind2=" " tag="041"><subfield code="a">eng</subfield><subfield code="a">fre</subfield></datafield><datafield ind1=" " ind2=" " tag="042"><subfield code="a">msc</subfield></datafield><datafield ind1=" " ind2=" " tag="043"><subfield code="a">n-us-la</subfield></datafield><datafield ind1="0" ind2=" " tag="130"><subfield code="a">Villager (Marksville, La. : 1843)</subfield></datafield><datafield ind1="1" ind2="4" tag="245"><subfield code="a">The Villager.</subfield></datafield><datafield ind1="3" ind2="0" tag="246"><subfield code="a">Villageois</subfield></datafield><datafield ind1=" " ind2=" " tag="260"><subfield code="a">Marksville, La. :</subfield><subfield code="b">G.A. Stevens</subfield></datafield><datafield ind1=" " ind2=" " tag="300"><subfield code="a">volumes ;</subfield><subfield code="c">55 cm</subfield></datafield><datafield ind1=" " ind2=" " tag="310"><subfield code="a">Weekly</subfield></datafield><datafield ind1=" " ind2=" " tag="336"><subfield code="a">text</subfield><subfield code="b">txt</subfield><subfield code="2">rdacontent</subfield></datafield><datafield ind1=" " ind2=" " tag="337"><subfield code="a">unmediated</subfield><subfield code="b">n</subfield><subfield code="2">rdamedia</subfield></datafield><datafield ind1=" " ind2=" " tag="338"><subfield code="a">volume</subfield><subfield code="b">nc</subfield><subfield code="2">rdacarrier</subfield></datafield><datafield ind1="0" ind2=" " tag="362"><subfield code="a">Vol. 1, no. 1 (Aug. 5, 1843)-</subfield></datafield><datafield ind1="1" ind2=" " tag="362"><subfield code="a">Ceased in 1859?</subfield></datafield><datafield ind1=" " ind2=" " tag="500"><subfield code="a">Published with an additional masthead in French: Le villageois.</subfield></datafield><datafield ind1=" " ind2=" " tag="515"><subfield code="a">Aug. 26 and Sept. 9, 1843 issues published as extras or advertising sheets without numbering.</subfield></datafield><datafield ind1=" " ind2=" " tag="546"><subfield code="a">In English and French.</subfield></datafield><datafield ind1=" " ind2="0" tag="651"><subfield code="a">Marksville (La.)</subfield><subfield code="v">Newspapers.</subfield></datafield><datafield ind1=" " ind2="7" tag="651"><subfield code="a">Louisiana</subfield><subfield code="z">Marksville.</subfield><subfield code="2">fast</subfield><subfield code="0">(OCoLC)fst01218260</subfield></datafield><datafield ind1=" " ind2="7" tag="655"><subfield code="a">Newspapers.</subfield><subfield code="2">fast</subfield><subfield code="0">(OCoLC)fst01423814</subfield></datafield><datafield ind1=" " ind2=" " tag="752"><subfield code="a">United States</subfield><subfield code="b">Louisiana</subfield><subfield code="c">Avoyelles</subfield><subfield code="d">Marksville.</subfield></datafield><datafield ind1="0" ind2="0" tag="785"><subfield code="t">Champion (Marksville, La.)</subfield></datafield></record>